
@article{__2021,
	title = {植物中天然橡胶合成及研究进展},
	volume = {12},
	abstract = {天然橡胶作为生物高分子聚合物,可制造多种橡胶制品,在一些特殊领域中无法被合成橡胶所取代。目前巴西橡胶树是唯一商业化种植的天然产胶植物,巴西橡胶树橡胶产量下降,全球对天然橡胶的需求不断增加,因此筛选和开发产胶替代植物是解决这一问题的重要手段之一,利用分子生物学技术培育天然橡胶合成基因高表达的产胶植物是一种可行方法。对天然产胶植物、天然橡胶生物合成途径进行了系统分析,提出了天然橡胶生物合成研究面临的挑战以及天然橡胶代谢途径工程的未来展望,以加速产胶替代植物的商业化发展。},
	number = {02},
	journal = {黑龙江大学工程学报},
	author = {杨超 and 李海英 and 马春泉},
	year = {2021},
	note = {ISBN: 2095-008X
Type: 10.13524/j.2095-008x.2021.02.029},
	keywords = {产胶替代植物;天然橡胶;合成途径},
	pages = {84--89},
}

@article{__2020,
	title = {虚拟偶像粉丝群体的消费文化研究——以虚拟歌姬洛天依为例},
	abstract = {由数字技术推动的虚拟偶像产业,将文化工业下偶像制造的方式纳入二次元角色的运营之中,激发了粉丝强大的生产-消费潜力。本文以虚拟偶像洛天依及其粉丝群体为研究对象,从虚拟歌姬消费价值的打造、粉丝消费文化的特点以及粉丝消费行为背后的文化意义等方面,考察当下虚拟偶像粉丝的消费实践活动。},
	number = {06},
	journal = {当代传播},
	author = {陆新蕾 and 虞雯},
	year = {2020},
	note = {ISBN: 1009-5322},
	keywords = {虚拟偶像;粉丝文化;消费主义;洛天依;二次元},
	pages = {75--78+112},
}

@article{__2020-1,
	title = {虚拟偶像：一种自带关系属性的新型传播媒介},
	abstract = {虚拟偶像是一种自带关系的新型传播媒介,是人类强关系的延伸。虚拟偶像为内容增加了关系属性,让内容在部分受众中更容易被关注和认可,更具影响力。借助虚拟偶像的影响力,内容和产品能够更快速地进入目标受众群体。虚拟偶像在互联网人工智能时代所承载的是以关系为逻辑的新型算法,能够帮助传播者更快速地找到目标受众,同时目标受众也因为关系加成而更愿意接受与喜爱的虚拟偶像相关的内容。本文将根据虚拟偶像发展背后的驱动力将虚拟偶像分为内容驱动型、技术驱动型和产业驱动型三大类,并根据其类型和偶像化运营程度不同,探讨不同动力驱动下的虚拟偶像运营策略与变现方式的差异。},
	number = {10},
	journal = {新闻与写作},
	author = {喻国明 and 杨名宜},
	year = {2020},
	note = {ISBN: 1002-2295},
	keywords = {虚拟偶像;深度合成技术;关系传播;新媒介;价值变现},
	pages = {68--73},
}

@article{__2020-2,
	title = {论人工智能虚拟偶像的法律性质},
	abstract = {人工智能如何为人类所用以及是否赋予人工智能法律主体地位成为人工智能未来发展不可回避的两大主题。人工智能虚拟偶像应运而生,法律关系主体说与客体说均可在特定情形下解释人工智能虚拟偶像的法律性质。解释的前提在于对人工智能虚拟偶像作出准确分类。要而言之,偶像被动虚拟化为法律关系客体,偶像主动虚拟化和虚拟偶像化在"启动"时为法律关系客体,"技术工具说"对此更具有解释力;发展到一定阶段的偶像主动虚拟化和虚拟偶像化也可获得法律主体地位,但要以不违背法律规定及公序良俗为前提,"法律宣告说"对此更具解释力。人工智能虚拟偶像法律性质的确定,有利于厘清设计者、经营者、客户、偶像等主体与虚拟偶像之间的法律关系。},
	number = {09},
	journal = {浙江社会科学},
	author = {李晶},
	year = {2020},
	note = {ISBN: 1004-2253
Type: 10.14167/j.zjss.2020.09.006},
	keywords = {人工智能虚拟偶像;偶像被动虚拟化;偶像主动虚拟化;虚拟偶像化;法律性质},
	pages = {57--63+158},
}

@article{__2020-3,
	title = {试论人工智能时代虚拟偶像的技术赋能与拟象解构},
	volume = {28},
	abstract = {虚拟偶像正在成为人工智能时代文娱产业的新热点。技术驱动下,虚拟偶像从最初的虚拟歌手拓展至虚拟主播以及人工智能虚拟偶像,样态日益多元。后现代消费主义粉丝文化狂潮下,偶像粉丝生态呈现拟象化趋势,为虚拟偶像的兴起提供了文化土壤。相比真人偶像,在技术想象力下,虚拟偶像更真诚、全能、专属、亲密。然而虚拟偶像的价值实现需要技术支撑,未来的虚拟偶像应当借助虚拟现实和人工智能,成为能够实现沉浸式交互的智能化人格化偶像。在讨论虚拟偶像的技术发展范式时需反思技术的合理性。},
	number = {01},
	journal = {上海交通大学学报(哲学社会科学版)},
	author = {喻国明 and 耿晓梦},
	year = {2020},
	note = {ISBN: 1008-7095
Type: 10.13806/j.cnki.issn1008-7095.2020.01.006},
	keywords = {虚拟偶像;粉丝文化;拟象;人工智能;虚拟现实},
	pages = {23--30},
}

@article{__2019,
	title = {虚拟偶像粉丝参与式文化的特征与意义},
	volume = {41},
	abstract = {互联网赋权下,虚拟偶像的粉丝由以往文化研究中的文本"盗猎者""游牧者"发生了更具正义性的生产者身份转向,成为更具复杂和暧昧性的文本生产者与消费者。基于此的粉丝参与式文化呈现出更加平民化、强生产者色彩与高生产能力、权力分层和权力反转、文本生产更易从边缘走向主流等特征,并促成了虚拟偶像粉丝的自我认同、集体认同和社群巩固。},
	number = {12},
	journal = {现代传播(中国传媒大学学报)},
	author = {宋雷雨},
	year = {2019},
	note = {ISBN: 1007-8770},
	keywords = {虚拟偶像;粉丝文化;文本盗猎者;参与式文化},
	pages = {26--29},
}

@article{__2019-1,
	title = {网络虚拟偶像及粉丝群体认同建构},
	abstract = {{\textless}正{\textgreater}从2007年诞生在日本的通过音乐合成软件制作而成的虚拟偶像——初音未来,到中国版的网络虚拟偶像洛天依、言和等,这类虚拟偶像和真实客观存在的人物实体不同,也区别于小说、漫画中构建出的具有故事叙事色彩的虚拟偶像,而是一种利用数字复制技术和互联网思维建构的网络虚拟偶像。在虚拟与现实的界限重构的过程中,越来越多的虚拟偶像作品出现,增强受众对二次元亚文化的迷恋,现实与虚拟、真理与谎言之间的界限消解,虚拟与现实交互的二元文化体系得以构建。},
	number = {11},
	journal = {青年记者},
	author = {战泓玮},
	year = {2019},
	note = {ISBN: 1002-2759
Type: 10.15997/j.cnki.qnjz.2019.11.004},
	keywords = {初音未来;粉丝群体;网络虚拟;},
	pages = {7--8},
}

@article{__2018,
	title = {网络虚拟偶像及其粉丝群体的网络互动研究——以虚拟歌姬“洛天依”为个案},
	abstract = {虚拟偶像如"初音未来"等,作为二次元亚文化和数字技术的产物,逐渐成为青年一代新的崇拜对象,为了探究虚拟偶像的传播影响力和粉丝群体的互动情况,本文以中国本土打造的虚拟歌姬"洛天依"为研究个案,运用田野观察法,深入粉丝活跃的网络社区,观察并分析得出虚拟偶像主要依靠其内容生产环节的高度自主和"隔空喊话式"的拟社会互动模式来吸引粉丝,同时粉丝群体内部通过特定的符码传播、创造再生性文本和关系想象来建构身份认同。},
	number = {06},
	journal = {中国青年研究},
	author = {李镓 and 陈飞扬},
	year = {2018},
	note = {ISBN: 1002-9931
Type: 10.19633/j.cnki.11-2579/d.2018.0085},
	keywords = {虚拟偶像;粉丝互动;拟社会互动;技术},
	pages = {20--25},
}

@article{_ugc_2018,
	title = {{虚拟偶像产业中UGC动机研究}},
	abstract = {虚拟偶像是一种基于算法的架空形象,它依靠于粉丝社群的内容生产,打造出完整的偶像形象。探究粉丝贡献行为的动机有助于更好地理解粉丝群体心理,并为虚拟偶像产业的发展提供思路。本研究采用了问卷测量与深度访谈,对于虚拟偶像产业中UGC内在动机与外在动机进行探究。研究发现,不同于传统的偶像崇拜中的情感依赖,虚拟偶像的粉丝社群更多是从兴趣动机出发来进行内容创作,并从外部获得及时且直观的精神激励。},
	number = {02},
	journal = {新闻论坛},
	author = {张自中},
	year = {2018},
	note = {ISBN: 1674-6961
Type: 10.19425/j.cnki.cn15-1019/g2.2018.02.005},
	keywords = {虚拟偶像;UGC动机;初音未来},
	pages = {15--18},
}

@article{piotr_dialogujac_2017,
	title = {Dialogując z {Romaną} {Miller}. {Recenzja} książki  {Więcej} niż teatr.  {Sztuka} zaangażowana i angażująca wychowawczo – {Romany}  {Miller} inspiracje dla współczesnej pedagogiki , pod redakcją {Marii} {Szczepskiej}-{Pustkowskiej} oraz {Ewy} {Rodziewicz}},
	number = {14},
	journal = {Ars Educandi},
	author = {Piotr, Stańczyk},
	year = {2017},
	note = {ISBN: 1230-607X},
}

@article{__2016,
	title = {我国碳交易市场价格周期及其波动性特征分析},
	url = {https://kns.cnki.net/kcms/detail/42.1009.C.20161111.1448.040.html},
	abstract = {碳排放权交易是我国利用市场机制应对气候变化的主要途径之一。碳交易价格水平及其波动情况是碳市场机制设计合理性的直接反映。文章对我国碳交易市场价格的周期及其波动特征进行分析发现:我国各个碳交易试点在履约期内价格变化具有相似的季节性特征,并且机构和个人投资者的引入对于市场活跃度的提高具有显著作用。文章对于碳交易价格变化规律的探索可以作为制定市场价格波动平抑政策和设计碳金融产品的依据,并且可以为全国性碳市场制度设计提供借鉴。},
	number = {21},
	journal = {统计与决策},
	author = {郭白滢 and 周任远},
	year = {2016},
	note = {ISBN: 1002-6487
Type: 10.13546/j.cnki.tjyjc.2016.21.040},
	keywords = {碳市场交易机制;价格波动特征;碳金融},
	pages = {154--157},
}

@article{group_blackmagic_2014,
	title = {{BLACKMAGIC} {HYPERDECK} {STUDIO} {SUPPORTS} "{VIRTUAL} {IDOL}" {CONCERT}},
	volume = {22},
	number = {5},
	journal = {Digital Video Magazine},
	author = {Group, Digital Video Magazine},
	year = {2014},
	note = {ISBN: 1541-0943},
}

@article{__2009,
	title = {我国碳交易市场价格影响因素分析},
	abstract = {随着国际社会对气候及环境的不断关注,二氧化碳排放权逐渐成为继石油等大宗商品之后又一新兴交易商品。中国以清洁发展机制为交易方式的碳市场发展迅速,但目前还没有明确的碳排交易价格体系。本文从国际需求、国内供给、国内限价政策以及国际市场几个方面,探讨中国碳交易市场价格的影响因素,并在此基础上提出了促进碳交易市场发展的对策建议。},
	number = {12},
	journal = {价格理论与实践},
	author = {洪涓 and 陈静},
	year = {2009},
	note = {ISBN: 1003-3971
Type: 10.19851/j.cnki.cn11-1010/f.2009.12.032},
	keywords = {碳交易价格函数;碳排放权;影响因素},
	pages = {65--66},
}

@article{black_digital_2006,
	title = {Digital {Bodies} and {Disembodied} {Voices}: {Virtual} {Idols} and the {Virtualised} {Body}},
	abstract = {The Japanese virtual idol, a computer-generated media celebrity, is a product of an historical moment in which structures of data have seemingly supplanted physical materiality. The attempt to create a media personality entirely from digital code highlights both a long-standing obsession with simulating the life of the human body by technological means, and some of the ways in which the human body is coming to be seen as gathered into structures of information ownership and exchange. These themes are discussed in relation to the career of Yuki Terai, the world's most successful virtual idol.},
	number = {9},
	journal = {Fibreculture Journal},
	author = {Black, Daniel},
	year = {2006},
	note = {ISBN: 1449-1443},
	keywords = {virtual idol;Japan;simulated life},
}

@article{k_dangers_2018,
	title = {Dangers to which electric vehicle users may be exposed and ways to prevent them [{Zagrożenia}, na które narażeni mogą byc użytkownicy pojazdów elektrycznych oraz sposoby zapobiegania im]},
	volume = {94},
	abstract = {�The work presents the issues concerning hazards to which users of electric road vehicles, rescue teams and roadside assistance as well as diagnostic and repair services may be exposed and the ways to minimize them. The introductory part presents the effects of dangerously high voltage on the human body. Then the dangers to which the users of EV vehicles and other road users are exposed were briefly pointed out. Also indicated are the risks associated with charging EV batteries. An extensive prevention system is created, including measures to prevent the occurrence of undesirable situations and, in particular, contact with dangerously high voltage of users of these vehicles, rescue teams and road assistance as well as technical service. © 2018, Wydawnictwo SIGMA-NOT. All rights reserved.},
	number = {11},
	journal = {Przeglad Elektrotechniczny},
	author = {K, Polakowski},
	year = {2018},
	note = {ISBN: 0033-2097},
	keywords = {A threat prevention system from the electric propulsion systems; Electric vehicles; Hazardous voltage; Impact of damaging currents},
}

@article{m_possibilities_2018,
	title = {The possibilities of automation of the manual line for dismantling waste electrical and electronic equipment [{Możliwości} automatyzacji ręcznej linii do demontażu zużytego sprzętu elektronicznego]},
	volume = {94},
	abstract = {The authors introduced automatic processing line for electrical and electronical equipment wastes as an alternative for semi-automatic WEEE lines. The efficiency of semi-automatic line was characterized for small WEEE with LCA and AHP algorithms. The problem nodes showed by algorithms was optimized and replaced by automatic devices. Optimized automatic WEEE processing line generated groups of sources with min. 98 wt\% purity. Comparison of the results obtained for the semi-automatic line to the automated line, 83-times increase in productivity was observed. © 2018, SIGMA-NOT. All rights reserved.},
	number = {6},
	journal = {Przeglad Elektrotechniczny},
	author = {M, Gliniak and M, Oziembłowski and M, Dróżdż and T, Dróżdż and P, Nawara and P, Kiełbasa and M, Ostafin},
	year = {2018},
	note = {ISBN: 0033-2097},
	keywords = {E-scrap; Electric waste; Electronic waste; Processing line},
}

@article{k_dangers_2018-1,
	title = {Dangers to which electric vehicle users may be exposed and ways to prevent them [{Zagrożenia}, na które narażeni mogą byc użytkownicy pojazdów elektrycznych oraz sposoby zapobiegania im]},
	volume = {94},
	abstract = {�The work presents the issues concerning hazards to which users of electric road vehicles, rescue teams and roadside assistance as well as diagnostic and repair services may be exposed and the ways to minimize them. The introductory part presents the effects of dangerously high voltage on the human body. Then the dangers to which the users of EV vehicles and other road users are exposed were briefly pointed out. Also indicated are the risks associated with charging EV batteries. An extensive prevention system is created, including measures to prevent the occurrence of undesirable situations and, in particular, contact with dangerously high voltage of users of these vehicles, rescue teams and road assistance as well as technical service. © 2018, Wydawnictwo SIGMA-NOT. All rights reserved.},
	number = {11},
	journal = {Przeglad Elektrotechniczny},
	author = {K, Polakowski},
	year = {2018},
	note = {ISBN: 0033-2097},
	keywords = {A threat prevention system from the electric propulsion systems; Electric vehicles; Hazardous voltage; Impact of damaging currents},
}
